
@article{wood2013bicyclists,
    title={Bicyclists overestimate their own night-time conspicuity and underestimate the benefits of retroreflective markers on the moveable joints},
    author={Wood, Joanne M and Tyrrell, Richard A and Marszalek, Ralph and Lacherez, Philippe and Carberry, Trent},
    journal={Accident Analysis \& Prevention},
    volume={55},
    pages={48--53},
    year={2013},
    publisher={Elsevier}
}

@article{engel1977visual,
    title={Visual conspicuity, visual search and fixation tendencies of the eye},
    author={Engel, FL},
    journal={Vision research},
    volume={17},
    number={1},
    pages={95--108},
    year={1977},
    publisher={Elsevier}
}

@article{treisman1980feature,
    title={A feature-integration theory of attention},
    author={Treisman, Anne M and Gelade, Garry},
    journal={Cognitive psychology},
    volume={12},
    number={1},
    pages={97--136},
    year={1980},
    publisher={Elsevier}
}

@article{wolfe1998there,
    title={Why are there eccentricity effects in visual search? Visual and attentional hypotheses},
    author={Wolfe, Jeremy M and O'Neill, Patricia and Bennett, Sara C},
    journal={Perception \& Psychophysics},
    volume={60},
    number={1},
    pages={140--156},
    year={1998},
    publisher={Springer}
}

@misc{nhtsa2015,
    title={Traffic Safety Facts. Report No. DOT HS 812 151)},
    author={U.S. Department of Transportation National Highway Traffic Safety Administration.},
    month={May},
    year={2015},
    howpublished="\url{http://www-nrd.nhtsa.dot.gov/Pubs/812151.pdf}"
}

   


